@article{MetaData,
  author = {John R. Smith and Peter Schirling},
  title = {Metadata Standards Roundup},
  journal ={IEEE MultiMedia},
  volume = {13},
  issn = {1070-986X},
  year = {2006},
  pages = {84-88},
  doi = {http://doi.ieeecomputersociety.org/10.1109/MMUL.2006.34},
  publisher = {IEEE Computer Society},
  address = {Los Alamitos, CA, USA},
}

@article{SemanticWeb,
  author = {Tim Berners-Lee and James Hendler and Ora Lassila},
  interhash = {e87f09446138a81e6478625da97885b6},
  intrahash = {222934145a71a9d6cfbbb375d4d62c1d},
  journal = {Scientific American},
  number = 5,
  pages = 34,
  title = {The {Semantic Web}},
  volume = 284,
  year = 2001,
  keywords = {Semantic_Web metadata web},
  issn = {00368733},
  description = {EBSCOhost}
}

@online{Notation3,
  author = {Berners-Lee, Tim and Connolly, Dan},
  title = {Notation3 ({N3}): A readable {RDF} syntax},
  URL = {http://www.w3.org/TeamSubmission/n3/},
  howpublished = {W3C Team Submission},
  day = 28,
  month = mar,
  year = 2011
}

@article{N3Logic,
 author = {Berners-Lee, Tim and Connolly, Dan and Kagal, Lalana and Scharf, Yosi and Hendler, Jim},
 title = {{N3Logic}: A logical framework for the {World Wide Web}},
 journal = {Theory and Practice of Logic Programming},
 volume = {8},
 number = {3},
 year = {2008},
 issn = {1471-0684},
 pages = {249--269},
 doi = {http://dx.doi.org/10.1017/S1471068407003213},
 publisher = {Cambridge University Press},
 address = {New York, NY, USA},
 }

@online{RDF,
  author = {Klyne, Graham and Carrol, Jeremy J.},
  title = {Resource Description Framework ({RDF}): Concepts and Abstract Syntax},
  URL =  {http://www.w3.org/ TR/2004/REC-rdf-concepts-20040210/},
  howpublished = {W3C Recommendation},
  day = 10,
  month = feb,
  year = 2004
}

@online{OWL,
  author = {McGuinness, Deborah L. and van Harmelen, Frank},
  title = {{OWL Web Ontology Language Overview}},
  URL =  {http://www.w3.org/TR/2004/REC-owl-features-20040210/},
  howpublished = {W3C Recommendation},
  day = 10,
  month = feb,
  year = 2004
}

@online{SOAP,
  author = {Gudgin, Martin and Hadley, Marc and Mendelsohn, Noah and Moreau, Jean-Jacques},
  title = {SOAP Version 1.2 Part 1: Messaging Framework (Second Edition)},
  url =  {http://www.w3.org/TR/2007/REC-soap12-part1-20070427/},
  howpublished = {W3C Recommendation},
  day = 27,
  month = apr,
  year = 2007
}

@online{SparqlQuery,
  author = {Prud'hommeaux, Eric and Seaborne, Andy},
  title = {{SPARQL} Query Language for {RDF}},
  url =  {http://www.w3.org/TR/rdf-sparql-query/},
  howpublished = {W3C Recommendation},
  day = 15,
  month = jan,
  year = 2008
}

@online{SparqlProtocol,
  author = {Clark, Kendall Grant and Feigenbaum, Lee and Torres, Elias},
  title = {{SPARQL} Protocol for {RDF}},
  url =  {http://www.w3.org/TR/rdf-sparql-protocol/},
  howpublished = {W3C Recommendation},
  day = 15,
  month = jan,
  year = 2008
}

@online{WSDL1,
  author = {Christensen, Erik and Curbera, Francisco and Meredith, Greg and Weerawarana, Sanjiva},
  title = {{Web Services Description Language (WSDL) 1.0}},
  url = {http://xml.coverpages.org/wsdl20000929.html},
  day = 25,
  month = sep,
  year = 2000
}

@online{WSDL2,
  author = {Chinnici, Roberto and Moreau, Jean-Jacques and Ryman, Arthur and Weerawarana, Sanjiva},
  title = {{Web Services Description Language (WSDL) Version 2.0 Part 1: Core Language}},
  howpublished = {W3C Recommendation},
  url = {http://xml.coverpages.org/wsdl20000929.html},
  day = 26,
  month = jun,
  year = 2007
}

@online{OwlS,
  author = {Martin, David and Burstein, Mark and Hobbs, Jerry and Lassila, Ora},
  title = {{OWL-S: Semantic Markup for Web Services}},
  howpublished = {W3C Member Submission},
  url = {http://www.w3.org/Submission/OWL-S/},
  day = 22,
  month = nov,
  year = 2004
}

@online{WADL,
  author = {Hadley, Marc},
  title = {{Web Application Description Language}},
  howpublished = {W3C Member Submission},
  url = {http://www.w3.org/Submission/wadl/},
  day = 31,
  month = aug,
  year = 2009
}

@online{WADLTeamComment,
	author={Lafon, Yves},
	title={{Team Comment on the "Web Application Description Language" Submission}},
	url = {http://www.w3.org/Submission/2009/03/Comment},
	year=2009,
	month=oct
}

@online{GregorioWADL,
	author={Gregorio, Joe},
	title={{Do we need WADL?}},
	url = {http://bitworking.org/news/193/Do-we-need-WADL},
	year=2007,
	month=jun
}

@online{KIF,
  author = {Generereth, Michael R.},
  title = {Knowledge Interchange Format},
  howpublished = {Draft Proposed American National Standard},
  url = {http://logic.stanford.edu/kif/dpans.html}
}

@online{SWRL,
  author = {Horrocks, Ian and Patel-Schneider, Peter F. and Boley, Harold and Tabet, Said},
  title = {SWRL: A {Semantic Web} Rule Language Combining {OWL} and {RuleML}},
  howpublished = {W3C Member Submission},
  url = {http://www.w3.org/Submission/SWRL/},
  day = 21,
  month = may,
  year = 2004
}

@online{DRS,
  author = {McDermott, Drew},
  title = {{DRS: A Set of Conventions for Representing Logical Languages in RDF}},
  url = {http://cs-www.cs.yale.edu/homes/dvm/daml/DRSguide.pdf},
  month = jan,
  year = 2004
}

@online{HTTP,
  author = {R. Fielding and J. Gettys and J. Mogul and H. Frystyk and L. Masinter and P. Leach and T. Berners-Lee},
  title = {{Hypertext Transfer Protocol -- HTTP/1.1}},
  howpublished = {Request for Comments: 2616},
  url = {http://www.ietf.org/rfc/rfc2616.txt},
  month = jun,
  year = 1999
}

@inproceedings{SwrlComposition,
booktitle = {Proceedings of the 4th Italian Semantic Web Workshop},
title = {{OWL-S} Atomic services composition with {SWRL} rules},
author = {Domenico Redavid and Luigi Iannone and Terry Payne},
year = {2007},
month = dec,
url = {http://eprints.ecs.soton.ac.uk/15658/}
}

@article{LinkedData,
 author = {Bizer, Christian and Heath, Tom and Berners-Lee, Tim},
 title = {{Linked Data} -- The Story So Far},
 journal = {International Journal on Semantic Web and Information Systems (IJSWIS)},
 volume = {5},
 number = {3},
 year = {2009},
 URL = {http://tomheath.com/papers/bizer-heath-berners-lee-ijswis-linked-data.pdf}
}

@online{SemWeb,
  author = {Tauberer, Joshua},
  title = {SemWeb RDF Library for C\#/.Net},
  url = {http://razor.occams.info/code/semweb/}
}

@online{Euler,
  author = {De Roo, Jos},
  title = {Euler Proof Mechanism},
  URL = {http://eulersharp.sourceforge.net/}
}

@online{CwmBuiltins,
  author = {Berners-Lee, Tim and Hawke, Sandro and Connolly, Dan},
  title = {Built-in properties in Cwm},
  url = {http://www.w3.org/2000/10/swap/doc/CwmBuiltins}
}

@online{DBPediaUrl,
 title = {{DBpedia}},
 URL = {http://dbpedia.org/},
 publisher = {Freie Universit\"at Berlin}
}

@online{FreebaseUrl,
 title = {Freebase},
 URL = {http://www.freebase.com/},
}

@online{EyeBenchmark,
 title = {Euler {Eye} Installation, Demo, and Deep Taxonomy Benchmark},
 author = {Taylor Osmun},
 URL = {http://ruleml.org/WellnessRules/files/WellnessRulesN3-2009-11-10.pdf},
}

@online{EyeBenchmarkResults,
 title = {Eye Deep Taxonomy Benchmark results},
 URL = {http://eulersharp.sourceforge.net/2003/03swap/dtb-2010.txt},
}

@article{DBPedia,
 author = {Bizer, Christian and Lehmann, Jens and Kobilarov, Georgi and Auer, S\"{o}ren and Becker, Christian and Cyganiak, Richard and Hellmann, Sebastian},
 title = {DBpedia - A crystallization point for the Web of Data},
 journal = {Web Semant.},
 volume = {7},
 number = {3},
 year = {2009},
 issn = {1570-8268},
 pages = {154--165},
 doi = {http://dx.doi.org/10.1016/j.websem.2009.07.002},
 publisher = {Elsevier Science Publishers B. V.},
 address = {Amsterdam, The Netherlands, The Netherlands},
}

@online{MediaFragments,
  title = {{Media Fragments URI 1.0}},
  URL={http://www.w3.org/TR/media-frags/},
  howpublished = {W3C Working Draft},
  author = {Troncy, Rapha\"el and Mannens, Erik and Pfeiffer, Silvia and Van Deursen, Davy}
}

@online{WSDL,
  author = {Christensen, Erik and Curbera, Fransisco and Meredith Greg and Weerawarana, Sanjiva},
  title = {{Web Services Description Language (WSDL) 1.1}},
  howpublished = {W3C Member Submission},
  url = {http://www.w3.org/TR/wsdl},
  day = 15,
  month = mar,
  year = 2001
}

@article{REST,
    address = {New York, NY, USA},
    author = {Fielding, Roy T. and Taylor, Richard N.},
    citeulike-article-id = {149347},
    citeulike-linkout-0 = {http://portal.acm.org/citation.cfm?id=514185},
    citeulike-linkout-1 = {http://dx.doi.org/10.1145/514183.514185},
    doi = {10.1145/514183.514185},
    issn = {1533-5399},
    journal = {ACM Trans. Internet Technol.},
    keywords = {rest},
    month = {May},
    number = {2},
    pages = {115--150},
    posted-at = {2008-11-27 16:30:39},
    priority = {2},
    publisher = {ACM},
    title = {Principled design of the modern Web architecture},
    url = {http://dx.doi.org/10.1145/514183.514185},
    volume = {2},
    year = {2002}
}

@article{Sycara,
   author = "Katia Sycara and Massimo Paolucci and Anupriya Ankolekar and Naveen Srinivasan",
   title = "Automated Discovery, Interaction and Composition of {Semantic Web} Services ",
   journal = "Journal of Web Semantics",
   pages = "27-46",
   month = "December",
   year = "2003",
   volume = "1",
   number = "1",
}

@Inproceedings{Junghans,
author = {Junghans, Martin and Agarwal, Sudhir and Studer, Rudi},
title = {{Towards Practical {Semantic Web} Service Discovery}},
booktitle = {The Semantic Web: Research and Applications, 7th Extended Semantic Web Conference, ESWC 2010, Heraklion, Crete, Greece, May 30-June 3, 2010, Proceedings},
year = {2010},
month = {June},
publisher = {Springer},
key = {junghans-eswc2010},
}

@article{Medjahed,
 author = {Medjahed, Brahim and Bouguettaya, Athman and Elmagarmid, Ahmed K.},
 title = {Composing Web services on the {Semantic Web}},
 journal = {The VLDB Journal},
 volume = {12},
 number = {4},
 year = {2003},
 issn = {1066-8888},
 pages = {333--351},
 doi = {http://dx.doi.org/10.1007/s00778-003-0101-5},
 publisher = {Springer-Verlag New York, Inc.},
 address = {Secaucus, NJ, USA},
 }
 
@Inproceedings{Fensel02,
author = {Fensel, D. and Bussler, C.},
title = {{Semantic Web Enabled Web Services}},
booktitle = {2nd Annual Diffuse Conference},
year = {2002},
month = {January},
location = {Brussels, Belgium},
}

@article{Shin,
author = {D Shin and K Lee and T Suda}, 
journal = {Web Semantics: Science},
title = {Automated generation of composite {Web} services based on functional semantics},
year = {2009},
month = {Jan},
date-added = {2010-08-27 11:50:39 +0200},
date-modified = {2010-08-27 11:50:39 +0200},
pmid = {3969600512691734762related:6ggza6LaFjcJ},
}

@article{FieldingREST,
    address = {New York, NY, USA},
    author = {Fielding, Roy T. and Taylor, Richard N.},
    doi = {10.1145/514183.514185},
    issn = {1533-5399},
    journal = {ACM Transactions on Internet Technology},
    keywords = {architecture, web},
    month = may,
    number = {2},
    pages = {115--150},
    posted-at = {2008-02-24 17:57:56},
    priority = {2},
    publisher = {ACM},
    title = {{Principled design of the modern Web architecture}},
    url = {http://dx.doi.org/10.1145/514183.514185},
    volume = {2},
    year = {2002}
}

@article{Atrey:2010p3072,
title = {{Multimodal fusion for multimedia analysis: a survey}},
author = {Atrey, P and Hossain, M and El Saddik, Abdulmotaleb and S Kankanhalli, Mohan },
journal = {Multimedia Systems},
year = {2010},
pmid = {13252141380235588687related:T3QyWl8Q6bcJ},
URL = {http://www.springerlink.com/index/E31M71152774R630.pdf},
}

@article{Verborgh:2010p2746,
author = {Verborgh, Ruben and Van Deursen, D and De Roo, Jos and Mannens, Erik and Van de Walle, Rik },
journal = {Proceedings of the Fourth International Workshop on Service Matchmaking and Resource Retrieval in the Semantic Web},
title = {{SPARQL Endpoints as Front-end for Multimedia Processing Algorithms}},
year={2010},
month=nov
}

@article{Verborgh:2011p4792,
author = {Verborgh, Ruben and Van Deursen, Davy and Mannens, Erik and Poppe, Chris and Van de Walle, Rik },
journal = {Multimedia Tools and Applications special issue on Multimedia and Semantic Technologies for Future Computing Environments},
title = {{Enabling context-aware multimedia annotation by a novel generic semantic problem-solving platform}},
year = {2011}
}

@inproceedings{RDFQuantifiers,
    author = {Drew Mcdermott and Dejing Dou},
    title = {{Representing disjunction and quantifiers in RDF}},
    booktitle = {In Proceedings of International Semantic Web Conference 2002},
    year = {2002},
    pages = {250--263}
}

@online{HTTPinRDF,
	author = {Johannes Koch and Carlos A Velasco},
	title = {{HTTP Vocabulary in RDF 1.0}},
	howpublished = {W3C Working Draft},
	month = oct,
	year = 2009,
	url={http://www.w3.org/TR/HTTP-in-RDF10/}
}

@online{URITemplate,
	author={Gregorio, J. and Fielding, R. and Hadley, M. and Notthingham, M.},
	title={{URI Template}},
	year = 2010,
	month = mar,
	url={http://tools.ietf.org/html/draft-gregorio-uritemplate-04}
}

@article{Steiner:2011p5006,
author = {Steiner, Thomas and Algermissen, Jan },
journal = {Proceedings of the Second International Workshop on RESTful design},
title = {{Fulfilling the Hypermedia Constraint via HTTP OPTIONS, The HTTP Vocabulary In RDF, And Link Headers}},
year = {2011},
month = {Mar}
}
